@book{curry88,
  author={Norman S. Curry},
  year={1988},
  title={Aircraft Landing Gear Design - Principles and Practices},
  publisher={American Institute of Aeronautics and Astronautics},
  address={Washington},
}

@book{raus03,
  author={Erhard Raus},
  year={2003},
  editor={Steven H. Newton},
  title={Panzer operations: the Eastern Front memoir of General Raus
    1941-1945},
  publisher={De Capo Press},
  address={Cambridge},
}

@book{weal97,
  author={John Weal},
  year={1997},
  title={Junkers Ju 87 Stukageschwader 1937-41 (Combat Aircraft)},
  publisher={Osprey Publishing},
  address={Oxford},
}

@article {boyne10,
  author={Walter J. Boyne},
  year={2010},
  month={12},
  title={The Last of the Dive-bombers},
  journal={Air Force Magazine},
  publisher={The Air Force Association},
  address={Arlington, Virginia},
}

@online {bbc11,
  title={Libya 1911: How an Italian pilot began the air war era},
  author={Alan Johnston},
  url={www.bbc.co.uk/news/world-europe-13294524},
  urldate={2016-03-16},
}

@book {wagner12,
  author={Arthur H. Wagner},
  year={2012},
  title={Birth of a Legend: The Bomber Mafia and the Y1b-17},
  publisher={Trafford Publishing},
  address={Victoria, British Columbia},
}

@misc{cep88,
  author={William Nelson},
  year={1988},
  title={Use of Circular Error Probability in Target Detection},
}

@book {killen67,
  author={John Killen},
  year={1967},
  title={The Luftwaffe: A history},
  publisher={Pen \& Sword Military Classics},
  address={Barnsley, South Yorkshire},
}

@book {wardlaw33,
  author={George Addison Wardlaw},
  year={1933},
  title={Standards and Specifications for Metals and Metal Products},
  publisher={Division of Specifications},
  address={Washington},
}

@book {guardia14,
  author={Mike Guardia},
  year={1914},
  title={Junkers Ju 87 Stuka},
  publisher={Osprey Publishing},
  address={Oxford},
}

@misc{zahm82,
  author={A. F. Zahm},
  year={1926},
  title={Airplane Stress Analysis},
}

@book{peery12,
  author={David J. Peery},
  year={2012},
  title={Aircraft Structures},
  publisher={Dover Publications Inc.},
  address={Dover},
}

@book{manual39,
  author={Luftwaffe},
  year={1939},
  title={Ju 87 B-1 Betriebsanleitung},
  publisher={Junkers Fugzeug und Motorenwerke},
  address={Dessau},
}

@online {nasa4,
  title={Quest for Performance: The Evolution of Modern Aircraft},
  author={Nasa},
  url={history.nasa.gov/SP-468/ch4-3.htm},
  urldate={2016-03-18},
}

@online {usni,
  title={Designing the Bent-Wing Bird},
  author={Alfred I. Sibila},
  url={www.usni.org/magazines/navalhistory/1995-02/designing-bent-wing-bird},
  urldate={2016-03-18},
}

@book{angina14,
  author={James D'Angina},
  year={2014},
  title={Vought F4U Corsair},
  publisher={Osprey Publishing},
  address={Oxford},
}

@article{hartshorn31,
  author={A.S. Hartshorn},
  title={"Fuselage Interference Effect"},
  journal={Aircraft Engineering and Aerospace Technology},
  volume={3},
  issue={8},
  year={1931},
  pages={201-203},
}

@article{neumann88,
  author={A.S. Hartshorn},
  title={Great Historical Events That Were Significantly Affected by the
  Weather: Part 8, Germany's War on the Soviet Union, 1941-45},
  journal={Bulletin of the American Meteorological Society},
  volume={69},
  issue={7},
  year={1988},
  pages={730-735},
}

@online {oxfmet,
  title={Meteorological data, Oxford, 1853 - 2016},
  url={www.metoffice.gov.uk/pub/data/weather/uk/climate/stationdata/oxforddata.txt},
  urldate={2016-03-18},
}

@misc{wenzinger38,
  author={Carl J. Wenzinger},
  year={1938},
  title={Report No. 614},
}

@misc{platt541,
  author={Robert C. Platt},
  title={Aerodynamic Characteristics of Wings with Cambered External
    Airfoil Flaps, Including Lateral Control with a Full-Span Flap},
}

@book{manual41,
  author={Junkers},
  year={1941},
  title={Junkers Flugmotor Jumo 211},
  publisher={Junkers Fugzeug und Motorenwerke},
  address={Dessau},
}

@online {junkers87,
  title={Junkers Ju87 / Ju 187 /Ju287},
  author={Horst Zoeller},
  url={hugojunkers.pytalhost.com/ju_ju87_a1.htm},
  urldate={2016-03-16},
}
